Quarter of Order Date,Sales
2014 Q1,74447.796
2014 Q2,86538.759600000
2014 Q3,143633.2123
2014 Q4,179627.7302
2015 Q1,68851.7386
2015 Q2,89124.187
2015 Q3,130259.5752
2015 Q4,182297.0082
2016 Q1,93237.181
2016 Q2,136082.301
2016 Q3,143787.3622
2016 Q4,236098.7538
2017 Q1,123144.8602
2017 Q2,133764.372
2017 Q3,196251.956
2017 Q4,280054.067
